@book{book:29389,
   author =    {Apostolos SYROPOULOS},
   title =     {Digital typography using LaTeX},
   chapter =   {Introduction},
   edition =   {1},
   address =   {New York},
   publisher = {Springer},
   year =      {2003},
   ISBN =      {0-387-95217-9},
}

@book{book:110635,
   author =    {Theodore Low De VINNE},
   title =     {The Practice of Typography: A~Treatise on the Processes of Type-making, the Point System, the Names, Sizes, Styles and Prices of Plain Printing Types},
   chapter =   {},
   edition =   {},
   address =   {},
   publisher = {Kessinger Publishing},
   year =      {2008},
   ISBN =      {1436666562},
}

@misc{article:79535,
  author =       {Google},
  title =        {Understanding typography},
  chapter =      {Weight},
  howpublished = {online},
  year =         {rev. 22. leden 2019},
  note =         {[vid. 2019-04-08]},
  url =          {https://material.io/design/typography/understanding-typography.html},
}

@misc{article:71564,
  author =       {{Creative Bloq Staff}},
  title =        {Typography rules and terms every designer must know},
  chapter =      {Size},
  howpublished = {online},
  year =         {rev. 25. únor 2019},
  note =         {[vid. 2019-04-08]},
  url =          {https://www.creativebloq.com/typography/what-is-typography-123652},
}

@misc{article:75643,
  author =       {Warren E. PREECE and James M. WELLS},
  title =        {Typography},
  howpublished = {online},
  year =         {rev. 25. květen 2017},
  note =         {[vid. 2019-04-08]},
  url =          {https://www.britannica.com/technology/typography},
}

@article{article:59853,
  author =    {Teresa PIMENTEL and Vasco BRANCO},
  journal =   {Computers \& Graphics},
  title =     {Dynamic and interactive typography in digital art},
  volume =    {29},
  address =   {Department of Communication and Art, University of Aveiro, Santiago University Campus, 3810 Aveiro, Portugal},
  publisher = {Elsevier},
  year =      {2005},
  number =    {6},
  pages =     {882 - 889},
  ISSN =      {0097-8493},
  url =       {http://www.sciencedirect.com/science/article/pii/S0097849305001597},
}

@article{article:56146,
  author =    {Jun KAWABE},
  journal =   {Fuzzy Sets and Systems},
  title =     {The Vitali convergence in measure theorem of nonlinear integrals},
  address =   {},
  publisher = {},
  note =      {rev. 8 duben 2019},
  ISSN =      {0165-0114},
  url =       {http://www.sciencedirect.com/science/article/pii/S0165011418307395},
}

@Conference{article:42364,

  author =    {Ozden Pektas TURGUT},
  journal =   {Procedia - Social and Behavioral Sciences},
  title =     {Kinetic Typography in Movie Title Sequences},
  volume =    {51},
  address =   {Department of Communication and Art, University of Aveiro, Santiago University Campus, 3810 Aveiro, Portugal},
  publisher = {Elsevier},
  year =      {2012},
  pages =     {583 - 588},
  ISSN =      {1877-0428},
  url =       {http://www.sciencedirect.com/science/article/pii/S1877042812033472},
}

@MasterThesis{mastersthesis:96345,
  author =      {Daniel BAMBUŠEK},
  title =       {User Interface for ARTable and Microsoft HoloLens},
  school =      {Brno University of Technology, Faculty of Information Technology},
  address =     {Brno},
  year =        {2018},
}

@MasterThesis{mastersthesis:97465,
  author =      {Radim HRAZDIL},
  title =       {Reverse Traceroute},
  school =      {Brno University of Technology, Faculty of Information Technology},
  address =     {Brno},
  year =        {2018},
}